@report{ID,
	author = {author},
	title = {title},
	type = {type},
	institution = {institution},
	date = {date},
}
